%@STRING{ichr= {Int. Conf. on Humanoid Robots}}
@STRING{ichr={ICHR}}

%@STRING{icra = {IEEE/RAS Int. Conf. on Robotics and Automation (ICRA)}}
@STRING{icra = {ICRA}}

%@STRING{iros = {IEEE/RSJ Int. Conf. on Intelligent Robots and Systems (IROS)}}
@STRING{iros = {IROS}}

@STRING{tr = {IEEE Trans. on Robotics}}

@STRING{ar = {Autonomous Robots}}

@STRING{ijhr = {Int. Journal of Humanoid Robotics}}

%@STRING{ijrr = {Int. Journal of Robotics Research}}
@STRING{ijrr = {IJRR}}

@INPROCEEDINGS{AllibertIFAC2008,
author={Allibert, G. and Courtial, E. and Touré Y.}, 
booktitle={17th World Congress of the Int. Federation of Automatic Control}, 
title={Real-time visual predictive controller for image-based trajectory tracking of a mobile robot},
year={2008},}

@INPROCEEDINGS{AllibertIFAC2006,
author={Allibert, G. and Courtial, E. and Touré Y.}, 
booktitle={World Congress of the Int. Federation of Automatic Control}, 
title={Visual Predictive Control},
year={2006},}

@INPROCEEDINGS{AllibertICRA2008, 
author={Allibert, G. and Courtial, E. and Toure, Y.}, 
booktitle=icra, 
title={Visual predictive control for manipulators with catadioptric camera}, 
year=2008, 
pages={510-515}, 
keywords={cameras;constraint theory;manipulators;minimisation;nonlinear control systems;predictive control;robot vision;visual servoing;catadioptric camera;image based visual servoing;manipulators;nonlinear constrained minimization problem;nonlinear model predictive control;omnidirectional camera;robotic system;visual predictive control;Cameras;Displacement control;Manipulators;Mobile robots;Motion control;Predictive control;Predictive models;Robot vision systems;Transmission line matrix methods;Visual servoing},
ISSN={1050-4729},}

@incollection{Allibert2010,
year={2010},
isbn={978-1-84996-088-5},
booktitle={Visual Servoing via Advanced Numerical Methods},
volume={401},
series={Lecture Notes in Control and Information Sciences},
editor={G. Chesi and K. Hashimoto},
title={Visual Servoing via Nonlinear Predictive Control},
publisher={Springer London},
author={Allibert, G. and Courtial, E. and Chaumette, F.},
pages={375-393}
}

@ARTICLE{ChaumetteRAM2006, 
author={Chaumette, F. and Hutchinson, S.}, 
journal={IEEE Robotics Automation Magazine}, 
title={Visual servo control (I). {B}asic approaches}, 
year={2006}, 
volume={13}, 
number={4}, 
pages={82-90}, 
keywords={motion control;position control;robot vision;stability;visual servoing;computer vision data;image-based visual servo control;position-based visual servo control;robot motion control;servo loop;Automatic control;Cameras;Computer vision;Mobile robots;Motion control;Robot motion;Robot vision systems;Robotics and automation;Servomechanisms;Servosystems}, 
doi={10.1109/MRA.2006.250573}, 
ISSN={1070-9932},}

@ARTICLE{ChaumetteRAM2007, 
author={Chaumette, F. and Hutchinson, S.}, 
journal={IEEE Robotics Automation Magazine}, 
title={Visual servo control (II). {A}dvanced approaches}, 
year={2007}, 
volume={14}, 
number={1}, 
pages={109-118}, 
keywords={geometry;manipulators;mobile robots;stereo image processing;velocity control;visual servoing;epipolar geometry;image motion;mobile nonholonomic robots;robot arms;stereo vision system;underactuated robots;velocity control;visual servo control;Image sensors;Manipulators;Mobile robots;Robot sensing systems;Robot vision systems;Sensor phenomena and characterization;Servosystems;Tutorials;Velocity control}, 
doi={10.1109/MRA.2007.339609}, 
ISSN={1070-9932},}

@INPROCEEDINGS{Chestnutt2005,
author={J.~Chestnutt and M.~Lau and G.~Cheung and J.J~Kuffner and J.~Hodgins and T.~Kanade},
booktitle=icra,
title={Footstep planning for the Honda ASIMO humanoid},
year={2005},
pages={629--634} 
}

@INPROCEEDINGS{DiedamIROS2008, 
author={Diedam, H. and Dimitrov, D. and Wieber, P. -B and Mombaur, K. and Diehl, M.}, 
booktitle=iros, 
title={Online walking gait generation with adaptive foot positioning through Linear Model Predictive control}, 
year={2008}, 
pages={1121-1126}, 
keywords={humanoid robots;legged locomotion;motion control;position control;predictive control;HRP-2 humanoid robot;adaptive foot positioning;foot step;linear model predictive control;online walking gait generation;Foot;Joints;Legged locomotion;Predictive control;Robot kinematics;Robots;Trajectory}, 
doi={10.1109/IROS.2008.4651055},}

@INPROCEEDINGS{DimitrovICRA2009, 
author={Dimitrov, D. and Wieber, P. -B and Stasse, O. and Ferreau, H.J. and Diedam, H.}, 
booktitle={ICRA}, title={An optimized Linear Model Predictive Control solver for online walking motion generation}, 
year={2009}, 
pages={1171-1176}, 
keywords={computational complexity;humanoid robots;legged locomotion;linear systems;motion control;predictive control;quadratic programming;robot dynamics;LMPC scheme;computational complexity;humanoid robot;linear model predictive control;online walking motion generation;optimized algorithm;quadratic program;robot dynamics;Computational complexity;Infinite horizon;Legged locomotion;Motion control;Nonlinear dynamical systems;Orbital robotics;Predictive control;Predictive models;Quadratic programming;Robotics and automation}, 
doi={10.1109/ROBOT.2009.5152380}, 
ISSN={1050-4729},}

@inproceedings{DimitrovIROS2011,
  AUTHOR = {Dimitrov, Dimitar and Sherikov, Alexander and Wieber, Pierre-Brice},
  TITLE = {{A sparse model predictive control formulation for walking motion generation}},
  BOOKTITLE = iros,
  YEAR = {2011},
  MONTH = Sep,
  ADDRESS = {San Francisco, United States},
  URL = {http://hal.inria.fr/hal-00649279}
}

@inproceedings{DimitrovICRA2011,
  AUTHOR = {Dimitrov, Dimitar and Paolillo, Antonio and Wieber, Pierre-Brice},
  TITLE = {{Walking motion generation with online foot position adaptation based on l1- and l$\infty$-norm penalty formulations}},
  BOOKTITLE = {ICRA},
  YEAR = {2011},
  ADDRESS = {Shanghai, China},
  URL = {http://hal.inria.fr/inria-00567671}
}

@INPROCEEDINGS{DuneIROS2010, 
author={Dune, C. and Herdt, A. and Stasse, O. and Wieber, P. -B and Yokoi, K. and Yoshida, E.}, 
booktitle=iros,
title={Cancelling the sway motion of dynamic walking in visual servoing}, 
year={2010}, 
pages={3175-3180}, 
keywords={gait analysis;humanoid robots;position control;visual servoing;center of mass;center of pressure;control law;dynamic walking;humanoid walking;image space;perception-decision-action scheme;reactive pattern generator;reference velocity;sway motion;trajectories;visual servoing}, 
doi={10.1109/IROS.2010.5649126}, 
ISSN={2153-0858},}

@inproceedings{DuneIROSWorkshop2011,
    hal_id = {hal-00639681},
    url = {http://hal.inria.fr/hal-00639681},
    title = {{Vision based control for Humanoid robots}},
    author = {Dune, C. and Herdt, A. and Marchand, E. and Stasse, O. and Wieber, P.-B. and Yoshida, E.},
    abstract = {{This paper presents a visual servoing scheme to control humanoid dynamic walk. Whereas most of the existing approaches follow a perception-decision-action scheme, we hereby introduce a method that uses the on-line information given by an on-board camera. This close looped approach allows the system to react to changes in its environment and adapt to modelling error. Our approach is based on a new reactive pattern generator which modifies footsteps, center of mass and center of pressure trajectories at the control level for the center of mass to track a reference velocity. In this workshop, we present three ways of servoing dynamical humanoid walk : a naive one that compute a reference velocity using a visual servoing control law, a second one that takes into account the sway motion induced by the walk and an on going work on vision predictive control that directly introduces the visual error in the cost function of the pattern generator. The two first approaches have been validated on the HRP-2 robot. These close loop approaches give a more accurate positioning than the one obtained when executing a planned trajectory especially when rotational motion are involved.}},
    keywords = {visual servoing},
    language = {Anglais},
    affiliation = {LAGADIC - INRIA - IRISA , BIPOP - INRIA Grenoble Rh{\^o}ne-Alpes / LJK Laboratoire Jean Kuntzmann , Joint Robotics Laboratory - JRL , Joint Robotics Laboratory AIST \& CNRS - JRL},
    booktitle = {{IROS Workshop on Visual Control of Mobile Robots (ViCoMoR)}},
    pages = {19-26},
    address = {San Francisco, USA, {\'E}tats-Unis},
    audience = {internationale },
    year = {2011},
    pdf = {http://hal.inria.fr/hal-00639681/PDF/2011\_dune-VicomorWorkshop.pdf},
}

@INPROCEEDINGS{Garcia:IROS:2013,
  title = {A Watching-while-Walking Pattern Generator},
  author= {M.~Garcia and O.~Stasse and J.-B.~Hayet},
  year = {2013},
  booktitle = iros,
  pages={submitted}
}

@article{HerdtAR2010,
author={A.~Herdt and H.~Diedam and P.-B.~Wieber and D.~Dimitrov and K.~Mombaur and M.~Diehl},
title = {Online Walking Motion Generation with Automatic Footstep Placement},
journal = {Advanced Robotics},
volume = {24},
number = {5-6},
pages = {719-737},
year = {2010},
not-to-be-used-now-field-doi = {10.1163/016918610X493552},
not-to-be-used-now-field-URL = {http://www.tandfonline.com/doi/abs/10.1163/016918610X493552},
not-to-be-used-now-field-eprint = {http://www.tandfonline.com/doi/pdf/10.1163/016918610X493552}
}


@INPROCEEDINGS{HerdtIROS2010, 
author={Herdt, A. and Perrin, N. and Wieber, P.-B}, 
booktitle=iros,
title={Walking without thinking about it}, 
year={2010}, 
pages={190-195}, 
keywords={gait analysis;humanoid robots;legged locomotion;motion control;automatic control;feet;humanoid robot;motion generation;polygonal constraints;stable bipedal walking motions;support phases;trunk;Linear Model Predictive Control;Walking Humanoid Robot}, 
doi={10.1109/IROS.2010.5654429}, 
ISSN={2153-0858},}

@article{RamosIJHR2013,
Author = {O. E. Ramos and M. Garcia and N. Mansard and O. Stasse and J.-B. Hayet and P. Soueres},
Journal = IJHR Submitted,
Title = {TOWARDS REACTIVE VISION-GUIDED WALKING ON ROUGH TERRAIN: AN INVERSE-DYNAMICS BASED APPROACH},
Year = {2013}}

@article{jib-IJHR2010,
Author = {J.-B.~Hayet and C.~Esteves and G.~Arechavaleta and O.~Stasse and E.~Yoshida},
Journal = IJHR,
volume = {09},
issue = {02},
pages = {1--26},
Keywords = {Planning},
Title = {Humanoid locomotion planning for visually-guided tasks},
Year = {2012}}

@ARTICLE{Kajita1992,
author={Kajita, S. and Tomio Yamaura and Kobayashi, A.},
journal={Robotics and Automation, IEEE Transactions on},
title={Dynamic walking control of a biped robot along a potential energy conserving orbit},
year={1992},
volume={8},
number={4},
pages={431-438},
keywords={dynamics;mobile robots;position control;biped robot;center of gravity;linear differential equation;mobile robot;motion control;parallel link structures;potential energy conserving orbit;walk continuation;walk initiation;walk termination;walking control;walking dynamics;Differential equations;Gravity;Leg;Legged locomotion;Motion control;Orbital robotics;Potential energy;Robots;Robust control;State feedback},
doi={10.1109/70.149940},
ISSN={1042-296X},}

@INPROCEEDINGS{Kajita2003, 
author={S.~Kajita and F.~Kanehiro and K.~Kaneko and K.~Fujiwara and K.~Harada and K.~Yokoi and H.~Hirukawa}, 
booktitle=ICRA, 
title={Biped walking pattern generation by using preview control of zero-moment point}, 
year={2003}, 
pages={1620--1626},
not-to-be-used-now-field-keywords={Centralized control;Control systems;Control theory;Foot;Humanoid robots;Industrial control;Legged locomotion;Servomechanisms;Spirals;Weight control; control system synthesis; error compensation; legged locomotion; predictive control; robot dynamics; servomechanisms; biped robot dynamics; biped walking pattern generation; error compensation; preview control theory; preview controller; tracking servo controller design; walking simulation; zero moment point;}, 
not-to-be-used-now-field-doi={10.1109/ROBOT.2003.1241826}, 
not-to-be-used-now-field-ISSN={1050-4729}
}

@INPROCEEDINGS{MombaurHumanoids2008,
author={K.~Mombaur and J.-P.~Laumond and E.~Yoshida},
booktitle=ICHR,
title={An optimal control model unifying holonomic and nonholonomic walking},
year={2008},
pages={648--653}
}

@INPROCEEDINGS{Moulard2012, 
author={Moulard, T. and Lamiraux, F. and Stasse, O.}, 
booktitle={Biomedical Robotics and Biomechatronics (BioRob), 2012 4th IEEE RAS EMBS International Conference on}, title={Trajectory following for legged robots}, 
year={2012}, 
pages={657-662}, 
keywords={closed loop systems;humanoid robots;legged locomotion;motion control;trajectory control;HRP-2 humanoid platform;closed-loop trajectory tracking strategy;control scheme;equilibrium constraints;footsteps alteration;humanoid robot;legged robots;mobile robotics;precise motion;preplanned trajectories;robust trajectory following;singularities avoidance;Estimation;Foot;Humanoid robots;Legged locomotion;Planning;Trajectory;Humanoid robots;Motion planning;Robot control}, 
doi={10.1109/BioRob.2012.6290282}, 
ISSN={2155-1774},}

@INPROCEEDINGS{Sauvee2006, 
author={Sauvee, M. and Poignet, P. and Dombre, E. and Courtial, E.}, 
booktitle={Decision and Control, 2006 45th IEEE Conference on}, title={Image Based Visual Servoing through Nonlinear Model Predictive Control}, 
year={Dec.}, 
pages={1776-1781}, 
keywords={Jacobian matrices;image sensors;nonlinear control systems;predictive control;robot vision;visual servoing;Cartesian space;camera calibration errors;camera projection model;control architecture;degrees of freedom;image Jacobian matrix;image based visual servoing;image measurement errors;mechanical system;nonlinear model predictive control;robot calibration errors;robot direct dynamic model;vision sensor;Cameras;Convergence;Image sensors;Jacobian matrices;Predictive control;Predictive models;Proportional control;Robot vision systems;Robustness;Visual servoing}, 
doi={10.1109/CDC.2006.377243},}

@InProceedings{Lorch02,
  author = 	 {O. Lorch and A. Albert and J. Denk and M. Gerecke and R. Cupec and J. Seara and W. Gerth and G. Schmidt},
  title = 	 {Experiments in vision-guided biped walking},
  booktitle = iros,
  pages = 	 {2484-2490},
  year = 	 {2002},
}

@inproceedings{Chestnutt07,
  author    = {Chestnutt,J.E and
               Michel,P. and
               Kuffner,J.J. and
               Kanade,T.},
  title     = {Locomotion among dynamic obstacles for the honda ASIMO},
  booktitle = iros,
  year      = {2007},
  pages     = {2572-2573}
}

@InProceedings{Michel07,
  author = {Michel, P. and Chestnutt,  J. and Kagami, S. and Nishiwaki, K. and  Kuffner, J. and Kanade, T.} ,
   year ={2007}, 
   title  ={GPU-accelerated Real-Time 3D Tracking for Humanoid Locomotion and Stair Climbing},    
   booktitle=iros,
   month = {October},
   pages={463--469}

}

@Article{Guttmann08,
  author = 	 {J.-S. Gutmann and M. Fukuchi and M. Fujita},
  title = 	 {3D Perception and Environment Map Generation for Humanoid Robot Navigation},
  journal = 	 {International Journal of Robotics Research},
  year = 	 {2008},
  volume = 	 {27},
  number = 	 {10},
  pages = 	 {1117--1134},
}

@article{Salaris:2010,
Author={P.~Salaris and D.~Fontanelli and L.~Pallottino and A.~Bicchi},
Title={Shortest Paths for a Robot with Nonholonomic and Field-of-View Constraints},
Journal=TR,
Volume={26},
Issue={02},
Pages={269--281},
Year={2010}
}

@INPROCEEDINGS{ StasseIROS2006,
booktitle	= iros,
title		= {{Real-time 3D SLAM for Humanoid Robot considering Pattern Generator Information}},
ISBN		= {1-4244-0259-X},
author		= {Stasse, O. and Davison, Andrew and Sellaouti, R. and Yokoi, K.},
pages		= {348--355},
month		= {October},
year		= {2006},
url		= {http://pubs.doc.ic.ac.uk/humanoid-slam/}}


@INPROCEEDINGS{WieberHumanoids2006, 
author={Wieber, P. -B}, 
booktitle={Humanoid Robots, 2006 6th IEEE-RAS International Conference on}, title={Trajectory Free Linear Model Predictive Control for Stable Walking in the Presence of Strong Perturbations}, 
year={2006}, 
pages={137-142}, 
keywords={compensation;humanoid robots;infinite horizon;legged locomotion;motion control;nonlinear dynamical systems;predictive control;robot dynamics;stability;ZMP preview control;constrained dynamical systems;contact forces;humanoid walking robot;motion stability;nonlinear dynamical system;optimal control;perturbation compensation;receding horizon control;robot dynamics;trajectory free linear model predictive control;walking movement;walking stability;Control systems;Force control;Humanoid robots;Legged locomotion;Motion control;Nonlinear dynamical systems;Optimal control;Predictive control;Predictive models;Trajectory}, 
doi={10.1109/ICHR.2006.321375},}

@INPROCEEDINGS{Bourgeot:IROS:2002,
  author = {J.-M. Bourgeot and N. Cislo and B. Espiau},
  title = {Path-planning and tracking in a 3d complex environment for an anthropomorphic
	biped robot.},
  booktitle = iros,
  year = {2002},
  volume = {3},
  pages = {2509--2514},
}


 @InProceedings{Chestnutt:ICRA:2007,
  author =       {J. Chestnutt and K. Nishiwaki and J. Kuffner and S. Kagami},
  title =        {An adaptive action model for legged navigation planning},
  booktitle = icra,
  pages =     {196--202},
  year =      {2007},
}



@InProceedings{Hornung:ICRA:2012,
  author =       {A. Hornung and M. Bennewitz},
  title =        {Adaptive Level-of-Detail Planning for Efficient Humanoid Navigation},
  booktitle = icra,
  pages =     {997-1002},
  year =      {2012},
}


@article{Nishiwaki:ijrr:2009,
  author    = {K. Nishiwaki and S. Kagami},
  title     = {Online Walking Control System for Humanoids with Short Cycle
               Pattern Generation},
  journal   = ijrr,
  volume    = {28},
  number    = {6},
  year      = {2009},
  pages     = {729-742},
}

@INPROCEEDINGS{SeungJoon:ichr:2011,
author={Yi, Seung-Joon and Byoung-Tak Zhang and Hong, Dennis and Lee, D.D.},
booktitle= ichr,
title={Online learning of a full body push recovery controller for omnidirectional walking},
year={2011},
pages={1-6}
}


@Article{Kanoun:ijrr:2011,
  author =       {O. Kanoun and J.-P. Laumond and E. Yoshida:},
  title =        {Planning foot placements for a humanoid robot: A problem of inverse kinematics.},
  journal =      ijrr,
  year =         {2011},
  volume =    {30},
  number =    {4},
  pages =     {476-485},
}
@INPROCEEDINGS{Dang:ichr:2011,
author={D. Dang and F. Lamiraux and J-P. Laumond},
booktitle=ichr,
title={A framework for manipulation and locomotion with realtime footstep replanning},
year={2011},
pages={676-681},
}

@INPROCEEDINGS{Vahrenkamp:IROS:2009,
author={Vahrenkamp, N. and Berenson, D. and Asfour, T. and Kuffner, J. and Dillmann, R.},
booktitle=iros,
title={Humanoid motion planning for dual-arm manipulation and re-grasping tasks},
year={2009},
pages={2464-2470},
}

@article{Vukobratovic2004,
author = {Vukobratovic , M. and Borovac, B.},
title = {ZERO-MOMENT POINT   THIRTY FIVE YEARS OF ITS LIFE},
journal = {International Journal of Humanoid Robotics},
volume = {01},
number = {01},
pages = {157-173},
year = {2004},
doi = {10.1142/S0219843604000083},

URL = {http://www.worldscientific.com/doi/abs/10.1142/S0219843604000083},
eprint = {http://www.worldscientific.com/doi/pdf/10.1142/S0219843604000083}
}

@article{Vukobratovic1972,
author = {Vukobratovic , M. and Stepanenko, J.},
title = {On the Stability of Anthropomorphic Systems},
journal = {Mathematical Biosciences},
volume = {15},
pages = {1-37},
year = {1972}
}

@INPROCEEDINGS{Newcombe2011,
  author = {Newcombe, R.A. and Izadi, S. and Hilliges, O. and Molyneaux, D. and Kim, D. and Davison, A.J. and Kohli, P. and Shotton, J. and Hodges, S. and Fitzgibbon, A.},
  title = {{KinectFusion}: Real-time dense surface mapping and tracking},
  booktitle = {IEEE Int. Symp. on Mixed and Augmented Reality (ISMAR)},
  year = {2011},
  pages = {127--136},
  address = {Washington, DC, USA}
}

@INPROCEEDINGS{Geiger2010,
 author = {A. Geiger and M. Roser and R. Urtasun},
 title = {Efficient Large-Scale Stereo Matching},
 booktitle = {Asian Conf. on Computer Vision},
 year = {2010},
 month = {November},
 address = {Queenstown, New Zealand}
}

